%% This BibTeX bibliography file was created using BibDesk.
%% https://bibdesk.sourceforge.io/

%% Created for wsy at 2022-06-14 22:50:07 +0800 


%% Saved with string encoding Unicode (UTF-8) 



@book{T-Ding,
	author = {丁同仁 and 李承治},
	date-added = {2022-06-14 22:48:04 +0800},
	date-modified = {2022-06-14 22:50:00 +0800},
	edition = {2},
	publisher = {高等教育出版社},
	title = {常微分方程教程},
	year = {2004}}

@book{R-Yuan,
	author = {袁荣},
	date-added = {2022-06-14 22:33:49 +0800},
	date-modified = {2022-06-14 22:39:38 +0800},
	publisher = {高等教育出版社},
	title = {常微分方程},
	year = {2012},}

@book{Ma-Zhou-Li,
  title={常微分方程定性与稳定性方法},
  author={马知恩 and 周义仓 and 李承治},
  volume={85},
  year={2001},
  publisher={科学出版社}
}
